<marc:record xmlns:marc="http://www.loc.gov/MARC21/slim" xmlns:xsi="http://www.w3.org/2001/XMLSchema-instance" xsi:schemaLocation="http://www.loc.gov/MARC21/slim http://www.loc.gov/standards/marcxml/schema/MARC21slim.xsd">
  <marc:leader>     nam a22002891  45M</marc:leader>
  <marc:controlfield tag="001">001685574</marc:controlfield>
  <marc:controlfield tag="003">NNU</marc:controlfield>
  <marc:controlfield tag="005">20001219030613.0</marc:controlfield>
  <marc:controlfield tag="008">000302s1965    iq       b    000 0dararc</marc:controlfield>
  <marc:datafield tag="010" ind1=" " ind2=" ">
    <marc:subfield code="a">ne 66000219</marc:subfield>
  </marc:datafield>
  <marc:datafield tag="035" ind1="9" ind2=" ">
    <marc:subfield code="a">NYUb12229013</marc:subfield>
  </marc:datafield>
  <marc:datafield tag="035" ind1=" " ind2=" ">
    <marc:subfield code="a">(CStRLIN)CTYN00-B2107</marc:subfield>
  </marc:datafield>
  <marc:datafield tag="040" ind1=" " ind2=" ">
    <marc:subfield code="a">Princeton Univ.</marc:subfield>
    <marc:subfield code="c">TxU</marc:subfield>
    <marc:subfield code="d">TxU</marc:subfield>
    <marc:subfield code="d">*m/c*</marc:subfield>
    <marc:subfield code="d">CStRLIN</marc:subfield>
    <marc:subfield code="d">CtY</marc:subfield>
  </marc:datafield>
  <marc:datafield tag="066" ind1=" " ind2=" ">
    <marc:subfield code="c">(3</marc:subfield>
  </marc:datafield>
  <marc:datafield tag="100" ind1="1" ind2=" ">
    <marc:subfield code="a">Najm, Wadīʻah Ṭāhā</marc:subfield>
    <marc:subfield code="6">01</marc:subfield>
  </marc:datafield>
  <marc:datafield tag="100" ind1="1" ind2=" ">
    <marc:subfield code="6">01</marc:subfield>
    <marc:subfield code="a">نجم، وديعة طه.</marc:subfield>
  </marc:datafield>
  <marc:datafield tag="245" ind1="1" ind2="3">
    <marc:subfield code="6">02</marc:subfield>
    <marc:subfield code="a">al-Jāḥiẓ wa-al-ḥāḍirah al-ʻAbbāsīyah /</marc:subfield>
    <marc:subfield code="c">Wadīʻah Ṭāhā al-Najm.</marc:subfield>
  </marc:datafield>
  <marc:datafield tag="245" ind1="1" ind2="2">
    <marc:subfield code="6">02</marc:subfield>
    <marc:subfield code="a">الجاحظ والحاضرة العباسية /</marc:subfield>
    <marc:subfield code="c">وديعة طه النجم.</marc:subfield>
  </marc:datafield>
  <marc:datafield tag="246" ind1="1" ind2="4">
    <marc:subfield code="a">Jahiz and Abbasid city life</marc:subfield>
  </marc:datafield>
  <marc:datafield tag="260" ind1=" " ind2=" ">
    <marc:subfield code="6">03</marc:subfield>
    <marc:subfield code="a">Baghdād :</marc:subfield>
    <marc:subfield code="b">Maṭbaʻat al-Irshād,</marc:subfield>
    <marc:subfield code="c">1965.</marc:subfield>
  </marc:datafield>
  <marc:datafield tag="260" ind1=" " ind2=" ">
    <marc:subfield code="6">03</marc:subfield>
    <marc:subfield code="a">بغداد :</marc:subfield>
    <marc:subfield code="b">مطبعة الإرشاد،</marc:subfield>
    <marc:subfield code="c">[1965.</marc:subfield>
  </marc:datafield>
  <marc:datafield tag="300" ind1=" " ind2=" ">
    <marc:subfield code="a">14, 240 p. ;</marc:subfield>
    <marc:subfield code="c">24 cm.</marc:subfield>
  </marc:datafield>
  <marc:datafield tag="500" ind1=" " ind2=" ">
    <marc:subfield code="a">Cover title: al-Jahiz and Abbasid city life [by] Wadia T. Najim.</marc:subfield>
  </marc:datafield>
  <marc:datafield tag="504" ind1=" " ind2=" ">
    <marc:subfield code="a">Includes bibliographical references (p. 226-240)</marc:subfield>
  </marc:datafield>
  <marc:datafield tag="600" ind1="0" ind2="0">
    <marc:subfield code="a">Jāḥiẓ,</marc:subfield>
    <marc:subfield code="d">d. 868 or 9.</marc:subfield>
  </marc:datafield>
  <marc:datafield tag="950" ind1=" " ind2=" ">
    <marc:subfield code="l">BMAIN</marc:subfield>
    <marc:subfield code="a">PJ7745.J3</marc:subfield>
    <marc:subfield code="b">Z7</marc:subfield>
  </marc:datafield>
  <marc:datafield tag="955" ind1=" " ind2=" ">
    <marc:subfield code="l">BMAIN</marc:subfield>
    <marc:subfield code="c">1</marc:subfield>
    <marc:subfield code="r">002223819</marc:subfield>
  </marc:datafield>
  <marc:datafield tag="998" ind1=" " ind2=" ">
    <marc:subfield code="s">9125</marc:subfield>
  </marc:datafield>
</marc:record>
